@misc{horikawa2016,
      title={Generic decoding of seen and imagined objects using hierarchical visual features},
      author={Tomoyasu Horikawa and Yukiyasu Kamitani},
      year={2016},
      eprint={1510.06479},
      archivePrefix={arXiv},
      primaryClass={q-bio.NC}
}

