@article{horikawa2017generic,
  title={Generic decoding of seen and imagined objects using hierarchical visual features},
  author={Horikawa, Tomoyasu and Kamitani, Yukiyasu},
  journal={Nature communications},
  volume={8},
  number={1},
  pages={15037},
  year={2017},
  publisher={Nature Publishing Group UK London}
}
@article{chen2023rethinking,
  title={Rethinking Visual Reconstruction: Experience-Based Content Completion Guided by Visual Cues},
  author={Chen, Jiaxuan and Qi, Yu and Pan, Gang},
  year={2023}
}